<?xml version="1.0" encoding="UTF-8"?>
<collection xmlns:xsi="http://www.w3.org/2001/XMLSchema-instance" xsi:schemaLocation="http://www.loc.gov/MARC21/slim http://www.loc.gov/standards/marcxml/schema/MARC21slim.xsd" xmlns="http://www.loc.gov/MARC21/slim">
<record>
  <leader>00685cam a22001931i 4500</leader>
  <controlfield tag="001">2984282</controlfield>
  <controlfield tag="003">NNC</controlfield>
  <controlfield tag="005">20150817132409.0</controlfield>
  <controlfield tag="008">010226s1926    ua            000 0 ara d</controlfield>
  <datafield tag="035" ind1=" " ind2=" ">
    <subfield code="a">(OCoLC)ocm46322695</subfield>
  </datafield>
  <datafield tag="035" ind1=" " ind2=" ">
    <subfield code="9">ASN1469CU</subfield>
  </datafield>
  <datafield tag="035" ind1=" " ind2=" ">
    <subfield code="a">(NNC)2984282</subfield>
  </datafield>
  <datafield tag="040" ind1=" " ind2=" ">
    <subfield code="a">ZCU</subfield>
    <subfield code="c">ZCU</subfield>
  </datafield>
  <datafield tag="090" ind1=" " ind2=" ">
    <subfield code="a">PJ6696</subfield>
    <subfield code="b">.S55</subfield>
  </datafield>
  <datafield tag="100" ind1="1" ind2=" ">
    <subfield code="a">Shinqīṭī, Muḥammad Ḥabīb Allāh,</subfield>
    <subfield code="d">1878-1944.</subfield>
  </datafield>
  <datafield tag="245" ind1="1" ind2="0">
    <subfield code="a">Īqāẓ al-aʻlām li-wujūb ittibāʻ rasm al-Muṣḥaf al-Imām [= al-Mushaf al-ʻUthmānī] /</subfield>
    <subfield code="c">taʾlīf Muḥammmad ibn ʻAbd Allāh ...  al-Shinqītī iqlīman.</subfield>
  </datafield>
  <datafield tag="260" ind1=" " ind2=" ">
    <subfield code="a">Miṣr :</subfield>
    <subfield code="b">Maṭbaʻat al-Maʻāhid,</subfield>
    <subfield code="c">1345 [1926]</subfield>
  </datafield>
  <datafield tag="300" ind1=" " ind2=" ">
    <subfield code="a">62 p. ;</subfield>
    <subfield code="c">20 cm.</subfield>
  </datafield>
  <datafield tag="955" ind1=" " ind2=" ">
    <subfield code="b">0036760579</subfield>
    <subfield code="d">glx</subfield>
    <subfield code="e">PJ6696 .S55</subfield>
  </datafield>
</record>
</collection>